@article{Attig2019,
  author = {Attig, Jan and Young, George R. and Hosie, Louise and Perkins, David and Encheva-Yokoya, Vesela and Stoye, Jonathan P. and Snijders, Ambrosius P. and Ternette, Nicola and Kassiotis, George},
  title = {LTR retroelement expansion of the human cancer transcriptome and immunopeptidome revealed by de novo transcript assembly},
  journal = {Genome Research},
  volume = {29},
  number = {10},
  pages = {1578-1590},
  year = {2019},
  doi = {10.1101/gr.248922.119},
  url = {http://genome.cshlp.org/content/29/10/1578.abstract},
  eprint = {http://genome.cshlp.org/content/29/10/1578.full.pdf+html}
}

@article{ERVmap2018,
	author = {Tokuyama, Maria and Kong, Yong and Song, Eric and Jayewickreme, Teshika and Kang, Insoo and Iwasaki, Akiko},
	title = {ERVmap analysis reveals genome-wide transcription of human endogenous retroviruses},
  journal = {Proceedings of the National Academy of Sciences},
	volume = {115},
	number = {50},
	pages = {12565--12572},
	year = {2018},
	doi = {10.1073/pnas.1814589115},
	publisher = {National Academy of Sciences},
  issn = {0027-8424},
  URL = {https://www.pnas.org/content/115/50/12565},
  eprint = {https://www.pnas.org/content/115/50/12565.full.pdf}
}

@article{Attig2017,
  title = {Physiological and Pathological Transcriptional Activation of Endogenous Retroelements Assessed by RNA-Sequencing of B Lymphocytes},
  author = {Attig, Jan and Young, George R. and Stoye, Jonathan P. and Kassiotis, George},
  journal = {Frontiers in Microbiology},
  volume = {8},
  pages = {2489},
  year = {2017},
  url = {https://www.frontiersin.org/article/10.3389/fmicb.2017.02489},
  doi = {10.3389/fmicb.2017.02489},
  issn = {1664-302X},
}

@article{Wiesner2015,
  title = {Alternative transcription initiation leads to expression of a novel ALK isoform in cancer},
	author = {Wiesner, Thomas and Lee, William and Obenauf, Anna C. and Ran, Leili and Murali, Rajmohan and Zhang, Qi Fan and Wong, Elissa W. P. and Hu, Wenhuo and Scott, Sasinya N. and Shah, Ronak H. and Landa, I{\~n}igo and Button, Julia and Lailler, Nathalie and Sboner, Andrea and Gao, Dong and Murphy, Devan A. and Cao, Zhen and Shukla, Shipra and Hollmann, Travis J. and Wang, Lu and Borsu, Laetitia and Merghoub, Taha and Schwartz, Gary K. and Postow, Michael A. and Ariyan, Charlotte E. and Fagin, James A. and Zheng, Deyou and Ladanyi, Marc and Busam, Klaus J. and Berger, Michael F. and Chen, Yu and Chi, Ping},
  journal = {Nature},
  volume = {526},
  number = {7573},
  pages = {453--457},
  year = {2015},
	date = {2015/10/01},
	doi = {10.1038/nature15258},
	isbn = {1476-4687},
	url = {https://doi.org/10.1038/nature15258}
}

@article{Mullins2012,
  title = {Endogenous retrovirus sequences as a novel class of tumor-specific antigens: an example of {HERV-H} env encoding strong {CTL} epitopes},
	author = {Mullins, Christina S. and Linnebacher, Michael},
	journal = {Cancer Immunology, Immunotherapy},
	number = {7},
	pages = {1093--1100},
	volume = {61},
	year = {2012},
  doi = {10.1007/s00262-011-1183-3},
  isbn = {1432-0851},
  url = {https://doi.org/10.1007/s00262-011-1183-3}
}

@misc{SEER2020,
  author = {{SEER}},
  title = {{SEER}*Explorer: {An} interactive website for {SEER} cancer statistics [Internet]},
  publisher = {Surveillance Research Program, National Cancer Institute},
  howpublished = {Surveillance Research Program, National Cancer Institute},
  year = 2020,
  month = jul,
  url = {https://seer.cancer.gov/statfacts/html/colorect.html},
  note = {Accessed 2020-07-15 via https://seer.cancer.gov/statfacts/html/colorect.html}
}

@article{Treangen2011,
	author = {Treangen, Todd J and Salzberg, Steven L},
  title = {Repetitive DNA and next-generation sequencing: computational challenges and solutions.},
	journal = {Nat Rev Genet},
	month = {Nov},
	number = {1},
	pages = {36--46},
	volume = {13},
	year = {2011}
}

@article{Boller1997,
	author = {Boller, Klaus and Janssen, Ottmar and Schuldes, Horst and T{\"o}njes, Ralf R. and Kurth, Reinhard},
  title = {Characterization of the antibody response specific for the human endogenous retrovirus HTDV/HERV-K.},
	journal = {J Virol},
	month = {Jun},
	number = {6},
	pages = {4581--4588},
	volume = {71},
	year = {1997}
}

@article{Rooney2015,
	author = {Rooney, Michael S and Shukla, Sachet A and Wu, Catherine J and Getz, Gad and Hacohen, Nir},
  title = {Molecular and genetic properties of tumors associated with local immune cytolytic activity.},
	journal = {Cell},
	month = {Jan},
	number = {1-2},
	pages = {48--61},
	volume = {160},
	year = {2015}
}

@article{Menendez2004,
	author = {Menendez, Laura and Benigno, Benedict B. and McDonald, John F.},
  title = {L1 and HERV-W retrotransposons are hypomethylated in human ovarian carcinomas},
	journal = {Molecular Cancer},
	number = {1},
	pages = {12},
	volume = {3},
	year = {2004}
}

@article{Telescope2019,
	author = {Bendall, Matthew L. AND de Mulder, Miguel AND I{\~n}iguez, Luis Pedro AND Lecanda-S{\'a}nchez, Aar{\'o}n AND P{\'e}rez-Losada, Marcos AND Ostrowski, Mario A. AND Jones, R. Brad AND Mulder, Lubbertus C. F. AND Reyes-Ter{\'a}n, Gustavo AND Crandall, Keith A. AND Ormsby, Christopher E. AND Nixon, Douglas F.},
  title = {Telescope: Characterization of the retrotranscriptome by accurate estimation of transposable element expression},
	journal = {PLOS Computational Biology},
	month = {09},
	number = {9},
	pages = {1-25},
	volume = {15},
	year = {2019}
}

@article{Le2015,
  author = {Le, Dung T. and Uram, Jennifer N. and Wang, Hao and Bartlett, Bjarne R. and Kemberling, Holly and Eyring, Aleksandra D. and Skora, Andrew D. and Luber, Brandon S. and Azad, Nilofer S. and Laheru, Dan and Biedrzycki, Barbara and Donehower, Ross C. and Zaheer, Atif and Fisher, George A. and Crocenzi, Todd S. and Lee, James J. and Duffy, Steven M. and Goldberg, Richard M. and de la Chapelle, Albert and Koshiji, Minori and Bhaijee, Feriyl and Huebner, Thomas and Hruban, Ralph H. and Wood, Laura D. and Cuka, Nathan and Pardoll, Drew M. and Papadopoulos, Nickolas and Kinzler, Kenneth W. and Zhou, Shibin and Cornish, Toby C. and Taube, Janis M. and Anders, Robert A. and Eshleman, James R. and Vogelstein, Bert and Diaz, Luis A.},
  title = {PD-1 Blockade in Tumors with Mismatch-Repair Deficiency},
  journal = {New England Journal of Medicine},
  volume = {372},
  number = {26},
  pages = {2509-2520},
  year = {2015},
  doi = {10.1056/NEJMoa1500596},
  note = {PMID: 26028255},
  url = {https://doi.org/10.1056/NEJMoa1500596},
}

@article{Le2016,
  author = {Le, Dung T. and Uram, Jennifer N. and Wang, Hao and Bartlett, Bjarne and Kemberling, Holly and Eyring, Aleksandra and Azad, Nilofer Saba and Laheru, Dan and Donehower, Ross C. and Crocenzi, Todd S. and Goldberg, Richard M. and Fisher, George A. and Lee, James J. and Greten, Tim F. and Koshiji, Minori and Kang, SoonMo Peter and Anders, Robert A and Eshleman, James R. and Vogelstein, Bert and Diaz, Luis A.},
  title = {Programmed death-1 blockade in mismatch repair deficient colorectal cancer.},
  journal = {Journal of Clinical Oncology},
  volume = {34},
  number = {15\_suppl},
  pages = {103-103},
  year = {2016},
  doi = {10.1200/JCO.2016.34.15\_suppl.103},
  url = {https://doi.org/10.1200/JCO.2016.34.15_suppl.103}
}

@article{Overman2018,
	author = {Overman, Michael J and Lonardi, Sara and Wong, Ka Yeung Mark and Lenz, Heinz-Josef and Gelsomino, Fabio and Aglietta, Massimo and Morse, Michael A and Van Cutsem, Eric and McDermott, Ray and Hill, Andrew and Sawyer, Michael B and Hendlisz, Alain and Neyns, Bart and Svrcek, Magali and Moss, Rebecca A and Ledeine, Jean-Marie and Cao, Z Alexander and Kamble, Shital and Kopetz, Scott and Andr{\'e}, Thierry},
  title = {Durable Clinical Benefit With Nivolumab Plus Ipilimumab in DNA Mismatch Repair-Deficient/Microsatellite Instability-High Metastatic Colorectal Cancer.},
	journal = {Journal of Clinical Oncology},
	month = {Mar},
	number = {8},
	pages = {773--779},
	volume = {36},
	year = {2018}
}

@article{Ganesh2019,
	author = {Ganesh, Karuna and Stadler, Zsofia K. and Cercek, Andrea and Mendelsohn, Robin B. and Shia, Jinru and Segal, Neil H. and Diaz, Luis A.},
  title = {Immunotherapy in colorectal cancer: rationale, challenges and potential},
	journal = {Nature Reviews Gastroenterology \& Hepatology},
	number = {6},
	pages = {361--375},
	volume = {16},
	year = {2019}
}
